@misc{blablubb, 
 author = "Test author",
 title = "ELliptic bla bla",
 year = 2012,
 address = "Munchen",
}
